%% This BibTeX bibliography file was created using BibDesk.
%% https://bibdesk.sourceforge.io/

%% Created for Rob P at 2020-01-27 16:47:58 +0000 


%% Saved with string encoding Unicode (UTF-8) 



@webpage{hermes,
	Date-Added = {2020-01-27 16:43:56 +0000},
	Date-Modified = {2020-01-27 16:44:33 +0000},
	Month = {January},
	Title = {Hermes project on GitHub},
	Url = {https://github.com/Hermes/hermes},
	Year = {2020}}

@webpage{urbackup,
	Date-Added = {2020-01-27 16:34:01 +0000},
	Date-Modified = {2020-01-27 16:47:47 +0000},
	Lastchecked = {January 2020},
	Title = {UrBackup website},
	Url = {https://www.urbackup.org/index.html}}

@electronic{syncthing,
	Date-Added = {2020-01-27 16:23:48 +0000},
	Date-Modified = {2020-01-27 16:47:58 +0000},
	Title = {Syncthing website},
	Url = {https://syncthing.net}}

@inproceedings{macbac-lisa,
	Address = {Berkeley, CA},
	Author = {Paul Anderson and Le Zhang},
	Booktitle = {Proceedings of the Large Installations Systems Administration (LISA) Conference},
	Month = {November},
	Organization = {Usenix Association},
	Title = {Fast and Secure Laptop Backups with Encrypted De-duplication},
	Url = {http://homepages.inf.ed.ac.uk/dcspaul/publications/lisa2010.pdf},
	Year = {2010},
	Bdsk-Url-1 = {http://homepages.inf.ed.ac.uk/dcspaul/publications/lisa2010.pdf}}


@book{progit, 
	place={Berkeley, CA}, 
	edition={2nd}, 
	title={Pro Git}, 
	url={https://git-scm.com/book/en/v2}, 
	publisher={Apress}, 
	author={Chacon, Scott and Straub, Ben}, 
	year={2014}}

@misc{mssql, 
	title={Create a Full Database Backup - SQL Server},
	url={https://docs.microsoft.com/en-us/sql/relational-databases/backup-restore/create-a-full-database-backup-sql-server?view=sql-server-ver15},
	journal={SQL Server | Microsoft Docs},
	publisher={Microsoft},
	author={MikeRayMSFT},
	year={2019},
	month={Dec}}